%YAML 1.1
%TAG !u! tag:unity3d.com,2011:
--- !u!1 &5726985199233276033
GameObject:
  m_ObjectHideFlags: 0
  m_CorrespondingSourceObject: {fileID: 0}
  m_PrefabInstance: {fileID: 0}
  m_PrefabAsset: {fileID: 0}
  serializedVersion: 6
  m_Component:
  - component: {fileID: 1007357609408410784}
  - component: {fileID: 847009911662428911}
  m_Layer: 0
  m_Name: Indicator
  m_TagString: Untagged
  m_Icon: {fileID: 0}
  m_NavMeshLayer: 0
  m_StaticEditorFlags: 0
  m_IsActive: 0
--- !u!4 &1007357609408410784
Transform:
  m_ObjectHideFlags: 0
  m_CorrespondingSourceObject: {fileID: 0}
  m_PrefabInstance: {fileID: 0}
  m_PrefabAsset: {fileID: 0}
  m_GameObject: {fileID: 5726985199233276033}
  m_LocalRotation: {x: -0, y: -0.7071068, z: -0.7071068, w: 0}
  m_LocalPosition: {x: -3.09, y: -0.4, z: -0}
  m_LocalScale: {x: 1.5, y: 1, z: 1}
  m_Children: []
  m_Father: {fileID: 8357803015166694313}
  m_RootOrder: 0
  m_LocalEulerAnglesHint: {x: -90, y: -180, z: 0}
--- !u!212 &847009911662428911
SpriteRenderer:
  m_ObjectHideFlags: 0
  m_CorrespondingSourceObject: {fileID: 0}
  m_PrefabInstance: {fileID: 0}
  m_PrefabAsset: {fileID: 0}
  m_GameObject: {fileID: 5726985199233276033}
  m_Enabled: 1
  m_CastShadows: 0
  m_ReceiveShadows: 0
  m_DynamicOccludee: 1
  m_MotionVectors: 1
  m_LightProbeUsage: 1
  m_ReflectionProbeUsage: 1
  m_RayTracingMode: 0
  m_RayTraceProcedural: 0
  m_RenderingLayerMask: 1
  m_RendererPriority: 0
  m_Materials:
  - {fileID: 10754, guid: 0000000000000000f000000000000000, type: 0}
  m_StaticBatchInfo:
    firstSubMesh: 0
    subMeshCount: 0
  m_StaticBatchRoot: {fileID: 0}
  m_ProbeAnchor: {fileID: 0}
  m_LightProbeVolumeOverride: {fileID: 0}
  m_ScaleInLightmap: 1
  m_ReceiveGI: 1
  m_PreserveUVs: 0
  m_IgnoreNormalsForChartDetection: 0
  m_ImportantGI: 0
  m_StitchLightmapSeams: 1
  m_SelectedEditorRenderState: 0
  m_MinimumChartSize: 4
  m_AutoUVMaxDistance: 0.5
  m_AutoUVMaxAngle: 89
  m_LightmapParameters: {fileID: 0}
  m_SortingLayerID: 0
  m_SortingLayer: 0
  m_SortingOrder: 0
  m_Sprite: {fileID: -860065888950432356, guid: 2f7a512fe4e75554686e593082e7866e, type: 3}
  m_Color: {r: 1, g: 1, b: 1, a: 1}
  m_FlipX: 0
  m_FlipY: 0
  m_DrawMode: 0
  m_Size: {x: 1, y: 1}
  m_AdaptiveModeThreshold: 0.5
  m_SpriteTileMode: 0
  m_WasSpriteAssigned: 1
  m_MaskInteraction: 0
  m_SpriteSortPoint: 0
--- !u!1 &8357803015166694293
GameObject:
  m_ObjectHideFlags: 0
  m_CorrespondingSourceObject: {fileID: 0}
  m_PrefabInstance: {fileID: 0}
  m_PrefabAsset: {fileID: 0}
  serializedVersion: 6
  m_Component:
  - component: {fileID: 8357803015166694313}
  - component: {fileID: 8357803015166694312}
  - component: {fileID: 8357803015166694315}
  - component: {fileID: 8357803015166694314}
  - component: {fileID: 8357803015166694319}
  - component: {fileID: 8357803015166694318}
  m_Layer: 0
  m_Name: Cube
  m_TagString: Untagged
  m_Icon: {fileID: 0}
  m_NavMeshLayer: 0
  m_StaticEditorFlags: 0
  m_IsActive: 1
--- !u!4 &8357803015166694313
Transform:
  m_ObjectHideFlags: 0
  m_CorrespondingSourceObject: {fileID: 0}
  m_PrefabInstance: {fileID: 0}
  m_PrefabAsset: {fileID: 0}
  m_GameObject: {fileID: 8357803015166694293}
  m_LocalRotation: {x: 0, y: 0.7071068, z: 0, w: 0.7071068}
  m_LocalPosition: {x: 0, y: 1.05, z: -1.95}
  m_LocalScale: {x: 1, y: 1, z: 1}
  m_Children:
  - {fileID: 1007357609408410784}
  m_Father: {fileID: 0}
  m_RootOrder: 0
  m_LocalEulerAnglesHint: {x: 0, y: 90, z: 0}
--- !u!33 &8357803015166694312
MeshFilter:
  m_ObjectHideFlags: 0
  m_CorrespondingSourceObject: {fileID: 0}
  m_PrefabInstance: {fileID: 0}
  m_PrefabAsset: {fileID: 0}
  m_GameObject: {fileID: 8357803015166694293}
  m_Mesh: {fileID: 379010558040167564, guid: 9f314e70df20f4d40813ef49196825b0, type: 3}
--- !u!23 &8357803015166694315
MeshRenderer:
  m_ObjectHideFlags: 0
  m_CorrespondingSourceObject: {fileID: 0}
  m_PrefabInstance: {fileID: 0}
  m_PrefabAsset: {fileID: 0}
  m_GameObject: {fileID: 8357803015166694293}
  m_Enabled: 1
  m_CastShadows: 0
  m_ReceiveShadows: 0
  m_DynamicOccludee: 1
  m_MotionVectors: 1
  m_LightProbeUsage: 1
  m_ReflectionProbeUsage: 1
  m_RayTracingMode: 2
  m_RayTraceProcedural: 0
  m_RenderingLayerMask: 1
  m_RendererPriority: 0
  m_Materials:
  - {fileID: 2100000, guid: 0b5175413f08bbd43960c32cc56bda97, type: 2}
  m_StaticBatchInfo:
    firstSubMesh: 0
    subMeshCount: 0
  m_StaticBatchRoot: {fileID: 0}
  m_ProbeAnchor: {fileID: 0}
  m_LightProbeVolumeOverride: {fileID: 0}
  m_ScaleInLightmap: 1
  m_ReceiveGI: 1
  m_PreserveUVs: 0
  m_IgnoreNormalsForChartDetection: 0
  m_ImportantGI: 0
  m_StitchLightmapSeams: 1
  m_SelectedEditorRenderState: 3
  m_MinimumChartSize: 4
  m_AutoUVMaxDistance: 0.5
  m_AutoUVMaxAngle: 89
  m_LightmapParameters: {fileID: 15203, guid: 0000000000000000f000000000000000, type: 0}
  m_SortingLayerID: 0
  m_SortingLayer: 0
  m_SortingOrder: 0
  m_AdditionalVertexStreams: {fileID: 0}
--- !u!65 &8357803015166694314
BoxCollider:
  m_ObjectHideFlags: 0
  m_CorrespondingSourceObject: {fileID: 0}
  m_PrefabInstance: {fileID: 0}
  m_PrefabAsset: {fileID: 0}
  m_GameObject: {fileID: 8357803015166694293}
  m_Material: {fileID: 0}
  m_IsTrigger: 0
  m_Enabled: 1
  serializedVersion: 2
  m_Size: {x: 0.9238573, y: 0.92385703, z: 0.9238573}
  m_Center: {x: 0, y: 0, z: 0}
--- !u!114 &8357803015166694319
MonoBehaviour:
  m_ObjectHideFlags: 0
  m_CorrespondingSourceObject: {fileID: 0}
  m_PrefabInstance: {fileID: 0}
  m_PrefabAsset: {fileID: 0}
  m_GameObject: {fileID: 8357803015166694293}
  m_Enabled: 1
  m_EditorHideFlags: 0
  m_Script: {fileID: 11500000, guid: c282e1334b71c7043bee8095ebc2708c, type: 3}
  m_Name: 
  m_EditorClassIdentifier: 
  color_list:
  - {fileID: 2800000, guid: d786a326d8d95f24cbdb6b0b30112316, type: 3}
  - {fileID: 2800000, guid: 0972a6a589ef79547bbe0a8db2916216, type: 3}
  - {fileID: 2800000, guid: e1aaf6a3d46f4f0419cba05c38a2038b, type: 3}
  - {fileID: 2800000, guid: 0742233bd7b8f984eb479b119d3d4efe, type: 3}
  - {fileID: 2800000, guid: df52a3e1ded600a489a2fc986273ca98, type: 3}
  - {fileID: 2800000, guid: 6dd2f63991c65ab48b571e2715425a21, type: 3}
  - {fileID: 2800000, guid: e64f017eefedcc843aa6ef204e1e4d6f, type: 3}
  - {fileID: 2800000, guid: 17eebd86a1a40274bbeab053729b59e8, type: 3}
  - {fileID: 2800000, guid: aa3ca04f7b685054c935af636bb1fdc0, type: 3}
  - {fileID: 2800000, guid: d01ccbfe69b10494faab819ac68f2203, type: 3}
  - {fileID: 2800000, guid: eeb2e70081df65c479b44e37edc0c440, type: 3}
  - {fileID: 2800000, guid: 23bdf741c4b6b8945af3c6b2d66648bf, type: 3}
  - {fileID: 2800000, guid: 6e235c0d480bab944b7dc9254ef5de6a, type: 3}
  - {fileID: 2800000, guid: c844bfccb20a7d64dac5ba5395541cc1, type: 3}
  - {fileID: 2800000, guid: 46dc64a06beb25e4b98a3abb406394a4, type: 3}
  - {fileID: 2800000, guid: 967b41fa49497a243854cd2258b13a81, type: 3}
  - {fileID: 2800000, guid: 4843187bffc1c5f438fee39ff6ce36fc, type: 3}
  - {fileID: 2800000, guid: 0382571f45ce91c4fa8d4d6c9041fce0, type: 3}
  - {fileID: 2800000, guid: 86e7120d960dabe47899725efc1d7fb9, type: 3}
  - {fileID: 2800000, guid: 4eb269ccf9b5e0d4a927e73036d3f3dd, type: 3}
  - {fileID: 2800000, guid: c8a94d8fc3c6b6442a57e48cbc6900f9, type: 3}
  - {fileID: 2800000, guid: fc3d96335fe03854780fa820315b8fea, type: 3}
  - {fileID: 2800000, guid: 5528d0f019ce00a439e121366b5e9efc, type: 3}
  - {fileID: 2800000, guid: e8d0f5a097f511d44b28855cdaef3d2f, type: 3}
  - {fileID: 2800000, guid: 5de3d4fdfc20f3243b406061e70cf1a0, type: 3}
  - {fileID: 2800000, guid: fa9d38e333f14b349ad6aca3ccd6c536, type: 3}
  - {fileID: 2800000, guid: d0c875b7ca506234c84b14e5f25d4ed5, type: 3}
  - {fileID: 2800000, guid: 3c0a2d398d8b354408d31b35a758b237, type: 3}
  - {fileID: 2800000, guid: 700fa367e81044846b0665f821b4e5ef, type: 3}
  - {fileID: 2800000, guid: d34d6ceeb90bee749908b2ab929327ce, type: 3}
  - {fileID: 2800000, guid: cc8343d061da639429cb7076ec153ec4, type: 3}
  cube_typpe: 
  hit_bool: 0
  merge: 1
  init_cube: 1
  tower_cube: 0
  explode: 0
  rotate_obj: 0
  explosionParticle: {fileID: 0}
  new_cube_panel: 0
  target: {fileID: 0}
--- !u!54 &8357803015166694318
Rigidbody:
  m_ObjectHideFlags: 0
  m_CorrespondingSourceObject: {fileID: 0}
  m_PrefabInstance: {fileID: 0}
  m_PrefabAsset: {fileID: 0}
  m_GameObject: {fileID: 8357803015166694293}
  serializedVersion: 2
  m_Mass: 1
  m_Drag: 0
  m_AngularDrag: 0.05
  m_UseGravity: 1
  m_IsKinematic: 0
  m_Interpolate: 0
  m_Constraints: 0
  m_CollisionDetection: 0
